@article{James1968,
author = {James, F E},
doi = {10.2307/2329816},
issn = {00221090, 17566916},
journal = {The Journal of Financial and Quantitative Analysis},
number = {3},
pages = {315--326},
publisher = {Cambridge University Press},
title = {{Monthly Moving Averages--An Effective Investment Tool?}},
url = {http://www.jstor.org/stable/2329816},
volume = {3},
year = {1968}
}
