@article{Liu2006,
author = {Liu, Wei and Huang, Xudong and Zheng, Weian},
journal = {ScienceDirect},
title = {{Blackâ€“Scholes' model and Bollinger bands}},
url = {https://ac.els-cdn.com/S0378437106003712/1-s2.0-S0378437106003712-main.pdf?{\_}tid=2f6a925e-817b-4a21-96a7-65529d72b752{\&}acdnat=1539564138{\_}79382caa5bcf909c6386c8d90defc225},
year = {2006}
}
